1894 3484
198 150 251 181 :0-
264 150 284 185 l

145 284 148 288 ·
200 282 322 332 tur,
377 271 649 322 dimidiam
677 272 838 321 annui
875 283 1062 322 eorum
1099 267 1411 336 adquaestus
1440 258 1652 335 pariem
1675 279 1826 322 exsti.-

179 368 412 421 ,perent.
481 395 496 403 -
518 355 811 406 Cannabim
861 368 915 406 et
964 356 1162 406 Linum
1217 356 1464 422 regiones
1522 351 1828 403 mumanae

197 443 485 506 praecipua
513 442 784 502 ubertate,
824 455 957 506 quae
993 451 1173 488 tamen
1198 443 1257 488 in
1279 439 1631 489 inferioribus
1661 439 1826 487 etiarn
1881 451 1885 459 ·

199 525 260 574 ad
307 528 565 576 Moenum
603 513 991 591 partibusnon
1025 526 1246 574 omnino
1286 521 1621 573 desideratur
1655 537 1701 574 e.
1739 537 1826 586 gr.

202 610 561 674 PViesetis'eldc‘i
605 609 832 675 aliisque
875 611 932 657 in
982 610 1109 660 locis
1160 609 1508 675 progignunt.
1601 606 1828 657 Trifolii

188 695 529 762 *aliarumque
574 694 859 765 herbarum
915 694 1253 760 pabularium
1299 691 1469 743 solers
1517 703 1571 741 et
1614 694 1829 756 eopiosa

199 782 409 832 cultura
451 791 818 829 armentorum
857 793 1047 844 greges
1091 789 1201 828 tam
1240 792 1466 828 numero
1506 792 1665 842 quam
1708 775 1830 842 pul-

197 865 503 916 chritudine
543 864 868 915 excellentes
903 864 1053 914 fovet
1090 865 1393 929 nutritque.
1464 860 1832 911 Obsoniorum

199 966 397 1023 genera
426 950 681 1017 pleraqua
703 952 908 1011 omnia,
947 961 1001 997 et
1027 949 1275 998 arborum
1295 983 1310 1008 ,
1357 960 1495 1013 quae
1525 957 1640 995 arte
1664 948 1830 996 etiam

197 1049 252 1086 et
278 1035 546 1084 industria
571 1036 767 1101 passim
802 1031 1174 1100 generosiores
1213 1044 1339 1082 sunt
1376 1031 1647 1094 redditae,
1681 1032 1829 1080 fruc-

194 1134 315 1180 tu3‚
365 1135 553 1185 sapore
584 1137 641 1170 se
680 1118 1118 1169 commendantes
1154 1120 1406 1182 interque
1448 1132 1538 1166 eos
1571 1116 1832 1166 Cerasum

197 1208 361 1273 idque
393 1209 555 1255 etiam
586 1207 962 1270 apronianum,
1001 1218 1235 1270 prunum
1266 1200 1694 1263 Damascenurn‚
1732 1216 1831 1266 po-

195 1308 344 1341 mum
365 1325 379 1351 ‚
416 1304 646 1356 pyrum,
683 1302 792 1339 nux
820 1302 873 1339 et
902 1289 1058 1354 reliq.
1087 1302 1316 1354 quorum
1349 1304 1460 1338 non
1482 1287 1706 1335 minima
1746 1296 1832 1334 est

195 1381 253 1425 in
277 1388 482 1425 exteras
508 1377 756 1439 regiones
780 1375 1084 1423 commercii
1113 1389 1265 1422 causa
1303 1374 1628 1438 exportatio,
1661 1371 1828 1420 uber·-

195 1464 297 1512 tim
326 1460 672 1527 feliciterque
710 1458 979 1508 coluntur.
1045 1457 1161 1507 Nec
1188 1457 1399 1506 solertis
1427 1460 1509 1507 rei
1539 1459 1830 1506 Botanicae

198 1546 524 1598 Scrutatoris
554 1544 764 1595 fallitur
800 1543 1111 1610 diligenti-213
1157 1530 1467 1609 passimque
1499 1544 1554 1588 in
1590 1540 1661 1586 M
1667 1556 1828 1604 agno

197 1635 469 1682 Ducat-u.
499 1630 712 1697 plantae
747 1628 1117 1693 hujuscemodi
1150 1627 1660 1694 deprehenduntur,
1696 1640 1830 1692 quas

197 1719 458 1769 Floristae
478 1752 492 1776 ‚
529 1724 586 1764 ut
613 1714 711 1763 hoc
740 1716 906 1764 verbo
931 1716 1066 1762 bona
1090 1730 1213 1763 cum
1235 1716 1415 1779 ⁴gratia
1442 1713 1664 1763 lectoris
1686 1725 1831 1777 utar,

198 1806 326 1855 hinc
347 1801 473 1852 inde
497 1802 643 1849 inter
668 1802 961 1850 rarissimas
982 1812 1283 1848 numerant.

299 1926 366 1986 'In
401 1936 525 1991 is'ta,
563 1948 725 1999 quam
763 1940 981 1980 naturae
1017 1923 1322 1994 benignitas
1351 1939 1463 1976 tam
1496 1929 1693 1977 eximio
1729 1937 1829 1980 suo

198 2024 383 2073 favore
413 2018 788 2086 prosequitur,
838 2014 1262 2077 Wireeburgmsi
1294 2015 1575 2079 provincia
1611 2013 1830 2076 majoris

197 2105 497 2157 altitudinis
525 2113 765 2163 montes,
815 2101 922 2150 nisi
949 2101 1067 2148 vini
1102 2098 1191 2146 vel
1214 2098 1618 2147 frumentorum
1650 2097 1830 2147 cultu—

195 2204 286 2242 rae
320 2189 648 2249 inserviant,
683 2179 1068 2252 pulcherrimis
1097 2183 1266 2246 sylvis
1297 2184 1715 2249 nemoribusque
1742 2197 1832 2232 su·

188 2276 484 2341 ‘pei-biun't,
540 2289 650 2323 non
689 2268 947 2330 minimo,
1001 2280 1066 2319 ut
1114 2262 1274 2319 facile
1312 2280 1396 2319 est
1428 2261 1832 2334 conjecturare,

199 2359 496 2411 incolarum
525 2349 644 2423 ‚ejus
686 2355 1073 2407 emolumento·

304 2462 493 2525 Syivas
546 2463 694 2510 inter
739 2469 1019 2509 momento
1067 2473 1191 2520 suo,
1231 2454 1378 2523 quod
1422 2457 1502 2504 rei
1528 2454 1834 2505 ‘botanicae

199 2558 462 2596 amatores
489 2556 543 2595 et
573 2544 803 2595 studiosi
830 2545 1028 2593 merito
1067 2544 1133 2592 iis
1163 2552 1398 2593 statuere
1430 2539 1660 2605 debent,
1694 2543 1829 2590 emi·

199 2644 334 2681 nent
378 2641 688 2696 sequente&

302 2733 704 2797 Guttenbergica
735 2731 944 2781 scilicet
964 2729 1106 2779 infra
1144 2727 1546 2792 Wirceburgum
1579 2737 1637 2776 et
1669 2727 1831 2776 unius

199 2819 329 2870 inde
368 2819 530 2868 horae
568 2818 742 2881 spatio
777 2815 1013 2877 distans,
1072 2814 1137 2864 ad
1172 2813 1452 2864 meridiem
1492 2811 1832 2864 occidentem

195 2921 387 2955 versus
418 2907 516 2952 sita
537 2935 550 2961 ‚
601 2917 736 2967 quae
773 2900 1013 2966 plurium
1040 2899 1359 2948 milliarium
1392 2898 1654 2948 ambitum
1680 2897 1832 2964 quasi.

198 3001 435 3040 coronat.
501 2989 562 3034 ln
591 3001 651 3033 ea
677 3001 889 3050 magna-s
921 2985 1048 3033 hinc
1083 2983 1210 3037 inde
1242 2984 1519 3034 arboribus
1547 2981 1831 3048 virgultis·

198 3090 303 3142 que
335 3087 525 3135 vacuas
563 3070 822 3145 planities
853 3066 1306 3137 deprehenderis,
1353 3071 1494 3121 sicca
1525 3078 1583 3118 et
1610 3079 1832 3125 areum

1725 3148 1837 3200 121·-
1872 3190 1882 3199 ,
