1894 3484
114 167 244 201 xxxv
255 167 310 214 ni

120 293 178 338 in
206 289 339 338 locis
375 289 640 341 similibus
671 291 832 340 irrito
872 305 1032 356 saepe
1070 288 1253 339 labore
1292 290 1766 355 investigaremus.

123 374 266 423 Heic
300 379 465 424 etiarn
492 375 597 425 loci
628 379 781 442 quasi
811 391 911 442 per
937 387 1286 424 transennam
1319 376 1561 437 lectoris,
1599 393 1771 442 quum

124 461 307 508 oculos
354 476 462 508 non
505 464 709 526 possim
736 496 752 522 ,
820 472 1063 508 mentem
1107 463 1456 526 animumque
1499 456 1557 510 in
1605 462 1772 510 aliurn

123 553 428 605 montem,
476 561 642 611 quem
691 562 952 592 auream
994 546 1181 594 dicunt
1232 545 1545 608 (Goltlberg)
1597 546 1772 595 direc-

127 640 248 677 tum
292 631 489 692 velim,
537 632 631 696 qui
669 647 779 678 non
805 631 986 679 habita
1013 632 1175 679 etiam
1207 630 1524 695 perpulchri
1561 634 1621 679 in
1656 631 1775 679 lon-

129 716 396 780 ginquum
431 728 752 781 prospectus
781 716 1027 775 ratione,
1080 714 1391 779 plantarum
1430 715 1504 763 ibi
1535 729 1779 764 crescen-

130 804 271 859 tium
308 802 511 849 selectu
551 802 936 850 Botanicorum
978 800 1312 863 diligentiam
1352 811 1407 847 et
1449 800 1650 849 sciendi
1689 816 1780 848 cu-

132 885 374 950 pidinem
404 901 732 950 magnopere
759 887 968 932 incitat.
1042 885 1237 934 Cuncti
1261 885 1364 947 jam
1393 883 1603 932 adducti
1631 900 1782 932 mon-

128 982 243 1030 tes,
304 973 552 1036 quamvis
594 986 703 1017 non
753 973 901 1017 omni
942 985 1003 1017 ex
1056 981 1211 1034 parte
1274 970 1518 1018 culturae
1573 970 1781 1018 subacti

128 1058 273 1114 sint,
316 1070 425 1101 non
454 1066 634 1103 tamen
669 1052 981 1102 omnimodo
1008 1054 1220 1103 steriles
1246 1065 1371 1102 sunt
1393 1065 1778 1119 prospectum-

132 1155 268 1205 que,
335 1138 551 1204 qualem
587 1139 692 1201 jam
741 1138 1169 1205 descripsimus,
1230 1139 1358 1186 hinc
1411 1149 1571 1203 atque
1623 1138 1780 1187 illinc

130 1225 412 1290 praebent.
498 1225 706 1273 Eorum
763 1226 943 1289 apices
998 1223 1090 1271 vel
1139 1225 1346 1272 arcibus
1395 1233 1658 1273 ornantur
1697 1223 1784 1272 ad-

130 1309 370 1358 hucdum
394 1308 672 1370 habitatis,
711 1309 800 1356 vel
830 1308 1026 1356 rudera
1050 1307 1236 1356 ferunt
1263 1309 1468 1357 arcium
1495 1307 1650 1372 hujus
1668 1324 1783 1356 mo-

133 1395 217 1458 di,
258 1411 394 1461 quae
433 1406 681 1460 tempore
716 1392 963 1442 velbelli
987 1395 1286 1455 manuarii,
1326 1393 1469 1458 quod
1494 1395 1579 1456 jus
1600 1395 1782 1455 etiam,

131 1484 325 1545 inepte
364 1482 517 1541 satis,
588 1482 929 1527 manuarium
971 1494 1165 1528 vocare
1206 1477 1477 1544 quondam
1514 1478 1787 1540 solebant,

135 1566 231 1614 vel
281 1568 461 1630 genti-s
504 1566 738 1613 rusticae
790 1564 1152 1614 devastationi
1207 1564 1562 1613 succubuere.
1663 1563 1787 1630 Quo

133 1653 306 1700 rarius
348 1651 471 1698 alibi
517 1659 594 1698 est
633 1661 843 1697 certum
886 1649 1195 1714 plantarum
1237 1664 1407 1713 genus
1433 1684 1448 1708 ,
1505 1664 1569 1697 eo
1619 1649 1790 1710 major

135 1738 300 1786 animi
349 1737 645 1796 recreatio,
704 1734 828 1781 dum
874 1749 1266 1799 saepenumero
1304 1732 1548 1796 lapidum
1592 1736 1650 1782 in
1686 1732 1788 1781 hoc

137 1835 327 1872 monte
368 1821 546 1869 hiatus
584 1821 758 1868 varias
804 1819 967 1883 hujus
1011 1821 1230 1883 generis
1273 1833 1479 1887 species
1522 1834 1789 1884 praesen*

137 1918 275 1957 tant·

244 2075 489 2126 Maxima
522 2091 652 2124 vero
686 2088 767 2124 est
803 2076 869 2124 i'is
907 2078 969 2124 in
1001 2074 1234 2123 vallibus
1262 2085 1315 2122 et
1338 2074 1667 2140 planitiebus
1698 2089 1790 2120 na-

138 2174 295 2211 turae
328 2161 648 2220 liberalitas,
707 2177 840 2226 quae
874 2162 1150 2209 montibus
1187 2161 1466 2226 sylvisque
1498 2158 1792 2209 occludun-

138 2260 256 2308 tur,
293 2246 387 2294 vel
427 2250 577 2294 omni
614 2262 675 2293 ex
703 2258 856 2311 parte
894 2245 1081 2294 liberis
1128 2247 1471 2310 apertisque,
1519 2244 1698 2309 longis
1737 2255 1794 2294 et

138 2325 266 2382 latis
312 2333 626 2396 regionibus
674 2332 994 2380 consistunt.
1034 2358 1037 2362 .
1095 2330 1258 2378 Varia
1310 2341 1426 2391 est,
1495 2330 1580 2376 uti
1630 2328 1791 2378 facile

141 2417 392 2480 augurari
430 2417 587 2479 licet,
650 2433 750 2482 pro
790 2418 941 2464 vario
977 2418 1090 2465 situ
1135 2431 1316 2464 earum
1355 2414 1606 2462 conditio.
1689 2406 1795 2463 Vel

142 2507 293 2551 8111111
334 2517 588 2549 arenosae
615 2538 629 2558 ,
688 2502 780 2550 vel
811 2500 1123 2567 lapidosae,
1184 2500 1398 2548 steriles
1439 2499 1675 2565 solisque
1713 2514 1796 2547 ar-

145 2588 260 2636 dori
298 2586 656 2652 undequaque
694 2590 969 2653 expositae
1019 2596 1148 2634 sunt
1187 2585 1374 2650 plagae
1401 2620 1415 2647 ,
1477 2584 1570 2634 vel
1616 2595 1794 2634 terrae

143 2676 411 2723 insistunt
443 2672 771 2735 frugiferae,
837 2674 1006 2736 magis
1036 2672 1284 2718 minusve
1318 2659 1535 2735 pingui,
1586 2670 1675 2718 ubi
1706 2686 1799 2717 va·
1850 2690 1858 2695 f

141 2764 222 2809 ria
257 2759 603 2806 obsoniorum
634 2758 1005 2822 frumentique
1039 2771 1237 2821 genera
1274 2756 1607 2803 intermixtis
1633 2771 1800 2820 quan-

145 2844 319 2908 doque
369 2843 645 2890 arboribus
695 2841 972 2907 frugiferis
1025 2852 1080 2888 et
1129 2840 1428 2888 industriae
1484 2839 1798 2903 adjumento

144 2930 625 2995 generosioribus,
694 2939 750 2976 et
793 2928 951 2973 subin
1002 2928 1165 2974 etiam
1204 2926 1422 2974 vitibus·
1453 2927 1800 2990 conspiciun-

140 3025 266 3077 tur3
328 3012 421 3060 vel
453 3012 709 3079 planities
747 3012 981 3060 formant
1016 3011 1314 3058 minoribus
1361 3009 1584 3058 frutetis
1635 3009 1800 3057 dense

146 3100 439 3160 obductaS,
503 3097 595 3146 vel
633 3099 856 3164 pinguia
890 3105 1041 3162 prata
1079 3097 1272 3145 florum
1323 3092 1676 3144 multitudine
1715 3110 1803 3141 ex-

1689 3178 1796 3226 cel-
