1894 3484
1667 101 1806 140 x‘xut

121 227 270 278 tibus
289 261 303 289 ,
344 225 405 276 ad
432 229 583 276 rivos
611 235 668 274 et
695 230 755 277 in
785 224 1104 293 paludibus,
1144 226 1207 275 ad
1239 230 1382 293 ripas
1411 229 1615 276 veteris
1639 206 1785 280 alvei

121 315 237 371 (cles
284 314 616 372 Altusassers)
655 315 712 360 in
753 313 921 377 sylvis
965 329 1261 379 earumque
1302 315 1745 364 extremitatibus
1769 350 1784 377 ‚

123 412 181 450 et
207 404 511 466 generatim
542 403 600 448 in
635 401 888 449 omnibus
911 435 924 461 ‚
964 400 1059 467 qui
1099 414 1164 447 eo
1206 401 1493 464 pertinent
1515 436 1529 458 ‚
1574 398 1787 450 distric-

119 489 269 537 tibus
287 523 301 544 ,
342 486 566 536 alternis
592 486 767 552 plagis
794 486 1198 552 pulcherrimae
1226 485 1440 551 plantae
1475 483 1784 552 deprehen-

119 573 355 635 duntur-3
395 584 450 622 et
480 573 812 639 praeprimis
850 570 1024 620 ferme
1054 588 1231 620 omnia
1265 573 1578 637 plantarum
1620 583 1783 637 aqua'-

115 660 350 709 ticarum
378 669 434 712 et
459 657 843 724 paludosarum
869 674 1067 723 genera
1091 694 1104 719 ,
1146 657 1461 724 multaeque
1491 658 1624 708 aliae
1655 674 1782 725 pas-

107 746 213 794 sim
243 748 403 793 etiam
444 759 727 811 perrarae,
765 748 871 807 ita,
908 755 971 793 ut
1005 760 1229 810 parvam
1263 743 1354 792 sed
1389 761 1779 809 peramoenam

114 831 412 898 eodemque
465 830 638 896 gradu
685 833 1056 886 instruentem
1118 831 1432 896 plantarum
1474 833 1778 896 rempubli-

111 934 228 973 cam
265 933 398 984 prae
441 918 612 968 oculis
648 916 856 967 habeas·
926 917 1159 986 Quoties
1189 919 1352 966 etiam
1393 916 1562 966 dictas
1591 921 1775 984 regio-

107 1019 204 1053 nes
245 1003 415 1061 fueris
455 1015 866 1069 perscrutatus,
929 1006 1018 1054 vix
1059 1002 1268 1064 deerit,
1329 1002 1475 1070 quod
1518 1005 1771 1069 proximo

107 1087 259 1138 aditu
292 1088 514 1154 deteges
550 1106 756 1138 novum
793 1089 997 1158 aliquid
1039 1102 1094 1139 et
1123 1091 1350 1138 raritate
1389 1105 1447 1138 se
1489 1105 1770 1138 commen-

108 1173 266 1236 dans,
306 1189 472 1241 prout
503 1192 760 1225 excursus
787 1174 1126 1242 quorundam
1154 1191 1421 1223 annorum
1448 1176 1625 1241 spatio
1650 1191 1767 1223 sae-

102 1265 230 1327 pius
259 1279 322 1310 eo
348 1263 587 1312 instituti
613 1274 670 1313 et
698 1264 923 1328 repetiti
956 1261 1275 1315 luculenter
1300 1262 1428 1311 satis
1462 1277 1550 1309 me
1581 1263 1766 1326 ipsum

104 1347 422 1397 docuerunt.

199 1520 408 1570 Eodem
449 1521 742 1575 crebrior-is
780 1521 956 1572 aditus
995 1535 1052 1573 et
1087 1523 1511 1589 perquisitionis
1545 1516 1758 1570 honore

94 1618 277 1657 terrae
322 1619 525 1657 tractus
564 1608 691 1658 inde
733 1610 795 1657 ab
833 1610 967 1658 urbe
1006 1612 1258 1675 principe
1300 1625 1491 1658 versus
1538 1607 1755 1654 Veits-

96 1692 473 1756 hydclzlzetm,
511 1693 1215 1759 171a1·getslzo‘'clzlzeim,
1258 1695 1422 1741 Ober
1461 1721 1489 1732 -
1527 1705 1585 1743 et
1628 1694 1751 1741 Un-

93 1791 197 1828 ter
233 1809 260 1817 -
296 1779 635 1835 Lanae-li,
687 1781 1062 1846 Zellingevz
1100 1793 1157 1832 et
1196 1779 1551 1828 Retzbaclz
1578 1817 1588 1834 ,
1648 1796 1749 1829 nec

91 1884 204 1918 non
231 1883 414 1921 versus
450 1867 896 1930 Carolopolim
938 1882 993 1919 et
1034 1868 1253 1917 Caroli
1295 1885 1502 1914 arcem
1549 1866 1751 1923 (Car-ls-

88 1953 230 2002 stadt
266 1966 319 2003 et
369 1954 710 2018 Carlenburg)
764 1952 1068 2021 dignissimi
1103 1967 1249 2006 sunt.
1334 1953 1633 2004 Alternant
1669 1954 1749 2003 ibi

38 2044 41 2047 '
87 2041 281 2090 vineae
313 2040 551 2098 fertiles,
591 2053 644 2089 et
676 2042 903 2110 pinquia
937 2058 1092 2103 arva,
1130 2043 1212 2090 uti
1242 2042 1417 2107 campi
1447 2039 1619 2101 aridi,
1658 2055 1746 2088 ar·

89 2125 210 2176 dori
241 2126 368 2177 solis
405 2130 622 2197 pervii,
661 2125 891 2193 lapidosi
921 2139 977 2177 et
1002 2129 1251 2191 steriles,
1289 2143 1390 2176 nec
1423 2142 1533 2176 non
1570 2130 1746 2190 ripae,

87 2223 276 2280 prata,
314 2212 485 2273 lacus,
523 2221 738 2280 stagna,
778 2213 1003 2280 paludes
1032 2226 1388 2280 montesque,
1427 2227 1560 2279 quos
1590 2215 1740 2260 inter

85 2298 184 2348 der
221 2299 469 2351 ‚C’arlsb¹
497 2318 571 2364 νς·
609 2312 664 2349 et
695 2312 856 2349 vetus
895 2317 1019 2351 ‚arx
1057 2301 1278 2348 Caroli
1315 2316 1441 2349 cum
1477 2301 1587 2347 suis
1621 2299 1735 2347 rui-

82 2388 169 2435 nis
198 2384 461 2451 dignitate
486 2385 716 2453 quadam
744 2385 1161 2454 plantarumque
1187 2386 1443 2436 thesauro
1467 2385 1734 2439 eminent.

80 2471 201 2542 Qua
236 2485 465 2538 propter
490 2489 616 2530 sane
657 2472 948 2523 dolendum
993 2485 1102 2535 est,
1143 2471 1288 2540 quod
1314 2472 1593 2522 recentior
1619 2481 1734 2520 ter-

80 2541 168 2608 tae
198 2557 378 2621 illius,
414 2574 551 2625 quae
588 2558 747 2609 dictis
783 2561 961 2608 ruinis
997 2559 1312 2623 inte·rjacet‚·
1363 2556 1571 2608 cultura
1602 2556 1730 2622 plu·

77 2660 165 2696 res
198 2655 306 2694 tam
334 2628 583 2711 pulchras
609 2661 772 2712 quam
803 2660 946 2695 raras
969 2644 1182 2712 plantas
1207 2627 1554 2694 destruxerit.
1622 2643 1728 2690 Νι·-

76 2729 180 2778 Ῐιίἰο
219 2742 403 2786 tamen
436 2735 616 2786 minus
646 2749 756 2781 non
792 2731 1022 2796 exiguus
1051 2730 1148 2781 ille
1184 2732 1336 2780 inter
1364 2730 1576 2779 easdem
1606 2732 1725 2778 rui-

75 2833 170 2875 nas
195 2828 248 2866 et
270 2819 328 2866 in
351 2818 681 2883 propinquis
697 2817 924 2866 collibus
943 2816 1006 2866 'et
1029 2816 1265 2884 scopulis
1284 2817 1531 2866 manibus
1556 2816 1725 2865 etiam

75 2886 412 2970 pedibusque
444 2902 904 2969 circunireptandi
940 2902 1090 2952 labor
1125 2917 1222 2952 sua
1243 2902 1418 2952 refert
1452 2900 1723 2966 condigna

74 2989 350 3054 praemia,
386 2987 591 3054 largam
626 2988 839 3038 scilicet
876 2989 1189 3056 plantarum
1217 2999 1452 3038 messem
1481 2986 1720 3036 dictum-

74 3091 180 3172 que
207 3074 446 3125 laborem
471 3091 566 3126 suo
595 3078 772 3142 pretio
796 3074 999 3125 millies
1022 3074 1391 3127 excedentem.
1459 3072 1717 3124 Proxime

336 3163 341 3165 ’
1352 3171 1354 3173 ’
1654 3158 1721 3208 acl
